@misc{touvron2023llama,
      title={Llama 2: Open Foundation and Fine-Tuned Chat Models}, 
      author={Hugo Touvron and Louis Martin and Kevin Stone and Peter Albert and Amjad Almahairi and Yasmine Babaei and Nikolay Bashlykov and Soumya Batra and Prajjwal Bhargava and Shruti Bhosale and Dan Bikel and Lukas Blecher and Cristian Canton Ferrer and Moya Chen and Guillem Cucurull and David Esiobu and Jude Fernandes and Jeremy Fu and Wenyin Fu and Brian Fuller and Cynthia Gao and Vedanuj Goswami and Naman Goyal and Anthony Hartshorn and Saghar Hosseini and Rui Hou and Hakan Inan and Marcin Kardas and Viktor Kerkez and Madian Khabsa and Isabel Kloumann and Artem Korenev and Punit Singh Koura and Marie-Anne Lachaux and Thibaut Lavril and Jenya Lee and Diana Liskovich and Yinghai Lu and Yuning Mao and Xavier Martinet and Todor Mihaylov and Pushkar Mishra and Igor Molybog and Yixin Nie and Andrew Poulton and Jeremy Reizenstein and Rashi Rungta and Kalyan Saladi and Alan Schelten and Ruan Silva and Eric Michael Smith and Ranjan Subramanian and Xiaoqing Ellen Tan and Binh Tang and Ross Taylor and Adina Williams and Jian Xiang Kuan and Puxin Xu and Zheng Yan and Iliyan Zarov and Yuchen Zhang and Angela Fan and Melanie Kambadur and Sharan Narang and Aurelien Rodriguez and Robert Stojnic and Sergey Edunov and Thomas Scialom},
      year={2023},
      eprint={2307.09288},
      archivePrefix={arXiv},
      primaryClass={cs.CL}
}

@InProceedings{Hamborg2017,
  author     = {Hamborg, Felix and Meuschke, Norman and Breitinger, Corinna and Gipp, Bela},
  title      = {news-please: A Generic News Crawler and Extractor},
  year       = {2017},
  booktitle  = {Proceedings of the 15th International Symposium of Information Science},
  location   = {Berlin},
  doi        = {10.5281/zenodo.4120316},
  pages      = {218--223},
  month      = {March}
}

@misc{dettmers2023qlora,
      title={QLoRA: Efficient Finetuning of Quantized LLMs}, 
      author={Tim Dettmers and Artidoro Pagnoni and Ari Holtzman and Luke Zettlemoyer},
      year={2023},
      eprint={2305.14314},
      archivePrefix={arXiv},
      primaryClass={cs.LG}
}

@misc{grootendorst2022bertopic,
      title={BERTopic: Neural topic modeling with a class-based TF-IDF procedure}, 
      author={Maarten Grootendorst},
      year={2022},
      eprint={2203.05794},
      archivePrefix={arXiv},
      primaryClass={cs.CL}
}

@ARTICLE{Saenz2023,
  author={Sáenz, Carlos Abel Córdova and Becker, Karin},
  title={Understanding stance classification of BERT models: an attention-based framework},
  journal={Knowledge and Information Systems},
  year={2023},
  date={2023-08-31},
  pages={--},
  doi={10.1007/s10115-023-01962-y},
  url={https://doi.org/10.1007/s10115-023-01962-y},
  issn={0219-3116},
  keywords={BERT, interpretability, attention mechanisms, stance classification},
}

@misc{boiko2023emergent,
      title={Emergent autonomous scientific research capabilities of large language models}, 
      author={Daniil A. Boiko and Robert MacKnight and Gabe Gomes},
      year={2023},
      eprint={2304.05332},
      archivePrefix={arXiv},
      primaryClass={physics.chem-ph}
}